
@article{chow1968approximating,
	title={Approximating discrete probability distributions with dependence trees},
	author={Chow, C and Liu, Cong},
	journal={IEEE transactions on Information Theory},
	volume={14},
	number={3},
	pages={462--467},
	year={1968},
	publisher={IEEE}
}

@article{zhang2017privbayes,
	title={Privbayes: Private data release via bayesian networks},
	author={Zhang, Jun and Cormode, Graham and Procopiuc, Cecilia M and Srivastava, Divesh and Xiao, Xiaokui},
	journal={ACM Transactions on Database Systems (TODS)},
	volume={42},
	number={4},
	pages={1--41},
	year={2017},
	publisher={ACM New York, NY, USA}
}

@article{choi2017generating,
	title={Generating multi-label discrete patient records using generative adversarial networks},
	author={Choi, Edward and Biswal, Siddharth and Malin, Bradley and Duke, Jon and Stewart, Walter F and Sun, Jimeng},
	journal={arXiv preprint arXiv:1703.06490},
	year={2017}
}

@inproceedings{srivastava2017veegan,
	title={Veegan: Reducing mode collapse in gans using implicit variational learning},
	author={Srivastava, Akash and Valkov, Lazar and Russell, Chris and Gutmann, Michael U and Sutton, Charles},
	booktitle={Advances in Neural Information Processing Systems},
	pages={3308--3318},
	year={2017}
}

@article{park2018data,
	title={Data synthesis based on generative adversarial networks},
	author={Park, Noseong and Mohammadi, Mahmoud and Gorde, Kshitij and Jajodia, Sushil and Park, Hongkyu and Kim, Youngmin},
	journal={arXiv preprint arXiv:1806.03384},
	year={2018}
}

@inproceedings{xu2019modeling,
	title={Modeling tabular data using conditional gan},
	author={Xu, Lei and Skoularidou, Maria and Cuesta-Infante, Alfredo and Veeramachaneni, Kalyan},
	booktitle={Advances in Neural Information Processing Systems},
	pages={7335--7345},
	year={2019}
}

@book{bishop2006pattern,
	title={Pattern recognition and machine learning},
	author={Bishop, Christopher M},
	year={2006},
	publisher={springer}
}

@article{jang2016categorical,
	title={Categorical reparameterization with gumbel-softmax},
	author={Jang, Eric and Gu, Shixiang and Poole, Ben},
	journal={arXiv preprint arXiv:1611.01144},
	year={2016}
}